@Article{tidy-data,
	author = {Hadley Wickham},
	issue = {10},
	journal = {The Journal of Statistical Software},
	selected = {TRUE},
	title = {Tidy data},
	url = {https://www.jstatsoft.org/v59/i10/},
	volume = {59},
	year = {2014},
	bdsk-url-1 = {https://www.jstatsoft.org/v59/i10}
}

@book{glewwe2000designing,
  title={Designing household survey questionnaires for developing countries: lessons from 15 years of the living standards measurement study},
  author={Glewwe, Paul and Grosh, Margaret E},
  year={2000},
  publisher={World Bank}
}

@incollection{schwarzer2015small,
  title={Small-study effects in meta-analysis},
  author={Schwarzer, Guido and Carpenter, James R and R{\"u}cker, Gerta},
  booktitle={Meta-analysis with R},
  pages={107--141},
  year={2015},
  publisher={Springer}
}

@article{king2019propensity,
  title={Why propensity scores should not be used for matching},
  author={King, Gary and Nielsen, Richard},
  journal={Political Analysis},
  volume={27},
  number={4},
  pages={435--454},
  year={2019},
  publisher={Cambridge University Press}
}

@article{athey2017state,
  title={The state of applied econometrics: Causality and policy evaluation},
  author={Athey, Susan and Imbens, Guido W},
  journal={Journal of Economic Perspectives},
  volume={31},
  number={2},
  pages={3--32},
  year={2017}
}

@article{abadie2010synthetic,
  title={Synthetic control methods for comparative case studies: Estimating the effect of Californiaâ€™s tobacco control program},
  author={Abadie, Alberto and Diamond, Alexis and Hainmueller, Jens},
  journal={Journal of the American statistical Association},
  volume={105},
  number={490},
  pages={493--505},
  year={2010},
  publisher={Taylor \& Francis}
}

@inbook {stock2005weak,
	title = {Testing for Weak Instruments in Linear IV Regression},
	booktitle = {Identification and Inference for Econometric Models},
	year = {2005},
	pages = {80-108},
	publisher = {Cambridge University Press},
	organization = {Cambridge University Press},
	address = {New York},
	url = {https://scholar.harvard.edu/files/stock/files/testing\_for\_weak\_instruments\_in\_linear\_ivs\_regression.pdf},
	author = {James Stock and Motohiro Yogo},
	editor = {Donald W.K. Andrews}
}

@article{calonico2019regression,
  title={Regression discontinuity designs using covariates},
  author={Calonico, Sebastian and Cattaneo, Matias D and Farrell, Max H and Titiunik, Rocio},
  journal={Review of Economics and Statistics},
  volume={101},
  number={3},
  pages={442--451},
  year={2019},
  publisher={MIT Press}
}

@article{hausman2018regression,
  title={Regression discontinuity in time: Considerations for empirical applications},
  author={Hausman, Catherine and Rapson, David S},
  journal={Annual Review of Resource Economics},
  volume={10},
  pages={533--552},
  year={2018},
  publisher={Annual Reviews}
}

@article{schulz2010consort,
  title={CONSORT 2010 statement: updated guidelines for reporting parallel group randomised trials},
  author={Schulz, Kenneth F and Altman, Douglas G and Moher, David},
  journal={BMC medicine},
  volume={8},
  number={1},
  pages={18},
  year={2010},
  publisher={BioMed Central}
}

@inproceedings{abowd2018us,
  title={The US Census Bureau adopts differential privacy},
  author={Abowd, John M},
  booktitle={Proceedings of the 24th ACM SIGKDD International Conference on Knowledge Discovery \& Data Mining},
  pages={2867--2867},
  year={2018},
  organization={ACM}
}

@article{nosek2015promoting,
  title={Promoting an open research culture},
  author={Nosek, Brian A and Alter, George and Banks, George C and Borsboom, Denny and Bowman, Sara D and Breckler, Steven J and Buck, Stuart and Chambers, Christopher D and Chin, Gilbert and Christensen, Garret and others},
  journal={Science},
  volume={348},
  number={6242},
  pages={1422--1425},
  year={2015},
  publisher={American Association for the Advancement of Science}
}

@article{stodden2013toward,
  title={Toward reproducible computational research: an empirical analysis of data and code policy adoption by journals},
  author={Stodden, Victoria and Guo, Peixuan and Ma, Zhaokun},
  journal={PloS one},
  volume={8},
  number={6},
  pages={e67111},
  year={2013},
  publisher={Public Library of Science}
}

@article{simonsohn2015specification,
  title={Specification curve: Descriptive and inferential statistics on all reasonable specifications},
  author={Simonsohn, Uri and Simmons, Joseph P and Nelson, Leif D},
  journal={Available at SSRN 2694998},
  year={2015}
}

@techreport{galiani2017incentives,
  title={Incentives for replication in economics},
  author={Galiani, Sebastian and Gertler, Paul and Romero, Mauricio},
  year={2017},
  institution={National Bureau of Economic Research}
}

@article{blischak2016quick,
  title={A quick introduction to version control with {Git} and {GitHub}},
  author={Blischak, John D and Davenport, Emily R and Wilson, Greg},
  journal={PLoS Computational Biology},
  volume={12},
  number={1},
  pages={e1004668},
  year={2016},
  publisher={Public Library of Science}
}

@article{imbens2001estimating,
  title={Estimating the effect of unearned income on labor earnings, savings, and consumption: Evidence from a survey of lottery players},
  author={Imbens, Guido W and Rubin, Donald B and Sacerdote, Bruce I},
  journal={American economic review},
  volume={91},
  number={4},
  pages={778--794},
  year={2001}
}

@article{callen2015catastrophes,
  title={Catastrophes and time preference: Evidence from the Indian Ocean Earthquake},
  author={Callen, Michael},
  journal={Journal of Economic Behavior \& Organization},
  volume={118},
  pages={199--214},
  year={2015},
  publisher={Elsevier}
}

@article{lee2010regression,
  title={Regression discontinuity designs in economics},
  author={Lee, David S and Lemieux, Thomas},
  journal={Journal of Economic Literature},
  volume={48},
  number={2},
  pages={281--355},
  year={2010}
}

@article{dafoe2014science,
  title={Science deserves better: the imperative to share complete replication files},
  author={Dafoe, Allan},
  journal={PS: Political Science \& Politics},
  volume={47},
  number={1},
  pages={60--66},
  year={2014},
  publisher={Cambridge University Press}
}

@article{flom2005latex,
  title={{LaTeX} for academics and researchers who (think they) don't need it},
  author={Flom, Peter},
  journal={The PracTEX Journal},
  volume={4},
  year={2005},
  publisher={Citeseer}
}

@article{angrist2010credibility,
  title={The credibility revolution in empirical economics: How better research design is taking the con out of econometrics},
  author={Angrist, Joshua D and Pischke, J{\"o}rn-Steffen},
  journal={Journal of Economic Perspectives},
  volume={24},
  number={2},
  pages={3--30},
  year={2010}
}

@article{levitt2009field,
  title={Field experiments in economics: The past, the present, and the future},
  author={Levitt, Steven D and List, John A},
  journal={European Economic Review},
  volume={53},
  number={1},
  pages={1--18},
  year={2009},
  publisher={Elsevier}
}

@article{imbens2008regression,
  title={Regression discontinuity designs: A guide to practice},
  author={Imbens, Guido W and Lemieux, Thomas},
  journal={Journal of Econometrics},
  volume={142},
  number={2},
  pages={615--635},
  year={2008},
  publisher={Elsevier}
}

@article{dinardo2016natural,
  title={Natural experiments and quasi-natural experiments},
  author={DiNardo, John},
  journal={The New Palgrave Dictionary of Economics},
  pages={1--12},
  year={2016},
  publisher={Springer}
}

@article{banerjee2009experimental,
  title={The experimental approach to development economics},
  author={Banerjee, Abhijit V and Duflo, Esther},
  journal={Annual Review of Economics},
  volume={1},
  number={1},
  pages={151--178},
  year={2009},
  publisher={Annual Reviews}
}

@article{angrist2001instrumental,
  title={Instrumental variables and the search for identification: From supply and demand to natural experiments},
  author={Angrist, Joshua D and Krueger, Alan B},
  journal={Journal of Economic Perspectives},
  volume={15},
  number={4},
  pages={69--85},
  year={2001}
}

@article{mckenzie2012beyond,
  title={Beyond baseline and follow-up: The case for more {T} in experiments},
  author={McKenzie, David},
  journal={Journal of Development Economics},
  volume={99},
  number={2},
  pages={210--221},
  year={2012},
  publisher={Elsevier}
}

@article{wilson2017good,
  title={Good enough practices in scientific computing},
  author={Wilson, Greg and Bryan, Jennifer and Cranston, Karen and Kitzes, Justin and Nederbragt, Lex and Teal, Tracy K},
  journal={PLoS Computational Biology},
  volume={13},
  number={6},
  pages={e1005510},
  year={2017},
  publisher={Public Library of Science}
}

@article{wilson2014best,
  title={Best practices for scientific computing},
  author={Wilson, Greg and Aruliah, Dhavide A and Brown, C Titus and Hong, Neil P Chue and Davis, Matt and Guy, Richard T and Haddock, Steven HD and Huff, Kathryn D and Mitchell, Ian M and Plumbley, Mark D and others},
  journal={PLoS Biology},
  volume={12},
  number={1},
  pages={e1001745},
  year={2014},
  publisher={Public Library of Science}
}

@article{duflo2007using,
  title={Using randomization in development economics research: A toolkit},
  author={Duflo, Esther and Glennerster, Rachel and Kremer, Michael},
  journal={Handbook of Development Economics},
  volume={4},
  pages={3895--3962},
  year={2007},
  publisher={Elsevier}
}

@article{orozco2018make,
  title={How to make a pie? Reproducible Research for Empirical Economics \& Econometrics},
  author={Orozco, Valerie and Bontemps, Christophe and Maigne, Elise and Piguet, Virginie and Hofstetter, Annie and Lacroix, Anne and Levert, Fabrice and Rousselle, Jean-Marc and others},
  journal={Toulouse School of Economics Working Paper},
  volume={933},
  year={2018}
}

@article{gobillon2016regional,
  title={Regional policy evaluation: Interactive fixed effects and synthetic controls},
  author={Gobillon, Laurent and Magnac, Thierry},
  journal={Review of Economics and Statistics},
  volume={98},
  number={3},
  pages={535--551},
  year={2016},
  publisher={MIT Press}
}

@book{wilke2019fundamentals,
  title={Fundamentals of Data Visualization: A Primer on Making Informative and Compelling Figures},
  author={Wilke, Claus O},
  year={2019},
  publisher={O'Reilly Media},
}

@book{healy2018data,
  title={Data visualization: A practical introduction},
  author={Healy, Kieran},
  year={2018},
  publisher={Princeton University Press}
}

@article{young2017consistency,
  title={Consistency without inference: Instrumental variables in practical application},
  author={Young, Alwyn},
  journal={Unpublished manuscript, London: London School of Economics and Political Science. Retrieved from: \url{http://personal.lse.ac.uk/YoungA}},
  year={2017}
}

@article{bound1995problems,
  title={Problems with instrumental variables estimation when the correlation between the instruments and the endogenous explanatory variable is weak},
  author={Bound, John and Jaeger, David A and Baker, Regina M},
  journal={Journal of the American Statistical Association},
  volume={90},
  number={430},
  pages={443--450},
  year={1995},
  publisher={Taylor \& Francis}
}

@article{abadie2018econometric,
  title={Econometric methods for program evaluation},
  author={Abadie, Alberto and Cattaneo, Matias D},
  journal={Annual Review of Economics},
  volume={10},
  pages={465--503},
  year={2018},
  publisher={Annual Reviews}
}

@article{abadie2015comparative,
  title={Comparative politics and the synthetic control method},
  author={Abadie, Alberto and Diamond, Alexis and Hainmueller, Jens},
  journal={American Journal of Political Science},
  volume={59},
  number={2},
  pages={495--510},
  year={2015},
  publisher={Wiley Online Library}
}

@article{iacus2012causal,
  title={Causal inference without balance checking: Coarsened exact matching},
  author={Iacus, Stefano M and King, Gary and Porro, Giuseppe},
  journal={Political Analysis},
  volume={20},
  number={1},
  pages={1--24},
  year={2012},
  publisher={Cambridge University Press}
}

@article{bruhn2009pursuit,
  title={In pursuit of balance: Randomization in practice in development field experiments},
  author={Bruhn, Miriam and McKenzie, David},
  journal={American Economic Journal: Applied Economics},
  volume={1},
  number={4},
  pages={200--232},
  year={2009}
}

@incollection{krosnick2018questionnaire,
  title={Questionnaire design},
  author={Krosnick, Jon A},
  booktitle={The Palgrave Handbook of Survey Research},
  pages={439--455},
  year={2018},
  publisher={Springer}
}

@article{begg1996improving,
  title={Improving the quality of reporting of randomized controlled trials: The {CONSORT} statement},
  author={Begg, Colin and Cho, Mildred and Eastwood, Susan and Horton, Richard and Moher, David and Olkin, Ingram and Pitkin, Roy and Rennie, Drummond and Schulz, Kenneth F and Simel, David and others},
  journal={JAMA},
  volume={276},
  number={8},
  pages={637--639},
  year={1996},
  publisher={American Medical Association}
}

@article{carril2017dealing,
  title={Dealing with misfits in random treatment assignment},
  author={Carril, Alvaro},
  journal={The Stata Journal},
  volume={17},
  number={3},
  pages={652--667},
  year={2017},
  publisher={SAGE Publications Sage CA: Los Angeles, CA}
}

@article{athey2017econometrics,
  title={The econometrics of randomized experiments},
  author={Athey, Susan and Imbens, Guido W},
  journal={Handbook of Economic Field Experiments},
  volume={1},
  pages={73--140},
  year={2017},
  publisher={Elsevier}
}

@article{christensen2018transparency,
  title={Transparency, reproducibility, and the credibility of economics research},
  author={Christensen, Garret and Miguel, Edward},
  journal={Journal of Economic Literature},
  volume={56},
  number={3},
  pages={920--80},
  year={2018}
}

@article{duvendack2017meant,
  title={What Is Meant by ``Replication'' and Why Does It Encounter Resistance in Economics?},
  author={Duvendack, Maren and Palmer-Jones, Richard and Reed, W Robert},
  journal={American Economic Review},
  volume={107},
  number={5},
  pages={46--51},
  year={2017}
}

@article{ioannidis2017power,
  title={The power of bias in economics research},
  author={Ioannidis, John PA and Stanley, Tom D and Doucouliagos, Hristos},
  journal={The Economic Journal},
  year={2017},
}

@article{simonsohn2014p,
  title={P-curve: a key to the file-drawer},
  author={Simonsohn, Uri and Nelson, Leif D and Simmons, Joseph P},
  journal={Journal of Experimental Psychology: General},
  volume={143},
  number={2},
  pages={534},
  year={2014},
  publisher={American Psychological Association}
}

@article{ioannidis2005most,
  title={Why most published research findings are false},
  author={Ioannidis, John PA},
  journal={PLoS Medicine},
  volume={2},
  number={8},
  pages={e124},
  year={2005},
  publisher={Public Library of Science}
}

@article{simmons2011false,
  title={False-positive psychology: Undisclosed flexibility in data collection and analysis allows presenting anything as significant},
  author={Simmons, Joseph P and Nelson, Leif D and Simonsohn, Uri},
  journal={Psychological Science},
  volume={22},
  number={11},
  pages={1359--1366},
  year={2011},
  publisher={Sage Publications Sage CA: Los Angeles, CA}
}

@article{wicherts2016degrees,
  title={Degrees of freedom in planning, running, analyzing, and reporting psychological studies: A checklist to avoid p-hacking},
  author={Wicherts, Jelte M and Veldkamp, Coosje LS and Augusteijn, Hilde EM and Bakker, Marjan and Van Aert, Robbie and Van Assen, Marcel ALM},
  journal={Frontiers in Psychology},
  volume={7},
  pages={1832},
  year={2016},
  publisher={Frontiers}
}

@article{olken2015promises,
  title={Promises and perils of pre-analysis plans},
  author={Olken, Benjamin A},
  journal={Journal of Economic Perspectives},
  volume={29},
  number={3},
  pages={61--80},
  year={2015}
}

@article{matthews2011data,
  title={Data confidentiality: A review of methods for statistical disclosure limitation and methods for assessing privacy},
  author={Matthews, Gregory J and Harel, Ofer and others},
  journal={Statistics Surveys},
  volume={5},
  pages={1--29},
  year={2011},
  publisher={The author, under a Creative Commons Attribution License}
}

@article{rogers_2017,
  title={The Dismal Science Remains Dismal, Say Scientists},
  journal={Wired}, publisher={Wired},
  author={Rogers, Adam}, year={2017}, month={Nov}
}

@article{angrist2017economic,
  title={Economic research evolves: Fields and styles},
  author={Angrist, Joshua and Azoulay, Pierre and Ellison, Glenn and Hill, Ryan and Lu, Susan Feng},
  journal={American Economic Review},
  volume={107},
  number={5},
  pages={293--97},
  year={2017}
}

@article{cox2005styleguide,
	title={Suggestions on Stata programming style},
	author={Nicholas J. Cox},
	journal={The Stata Journal},
	volume={5},
	number={4},
	pages={560--566},
	year={2005},
	publisher={Stata Press: College Station, TX}
}

@BOOK{Tufte2006,
	author = {Edward R. Tufte},
	title = {Beautiful Evidence},
	year = {2006},
	publisher = {Graphics Press, {LLC}},
	month = {May},
	edition = {First},
	place = {Cheshire, Connecticut},
	isbn = {0-9613921-7-7}
}

@BOOK{Tufte2001,
	author = {Edward R. Tufte},
	title = {The Visual Display of Quantitative Information},
	publisher = {Graphics Press},
	year = {2001},
	address = {Cheshire, Connecticut},
	isbn = {0-9613921-4-2}
}

@BOOK{Tufte1990,
	author = {Edward R. Tufte},
	title = {Envisioning Information},
	publisher = {Graphics Press},
	year = {1990},
	address = {Cheshire, Connecticut},
	isbn = {0-9613921-1-8}
}

@BOOK{Tufte1997,
	author = {Edward R. Tufte},
	title = {Visual Explanations},
	publisher = {Graphics Press},
	year = {1997},
	address = {Cheshire, Connecticut},
	isbn = {0-9613921-2-6}
}

@BOOK{Bringhurst2005,
	author = {Robert Bringhurst},
	title = {The Elements of Typography},
	publisher = {Hartley \& Marks},
	year = {2005},
	edition = {3.1},
	isbn = {0-88179-205-5}
}

@BOOK{Mittelbach2004,
	author = {Frank Mittelbach and Michel Goossens},
	title = {The \LaTeX\ Companion},
	publisher = {Addison--Wesley},
	year = {2004},
	edition = {Second},
	isbn = {0-201-36299-6}
}

@MISC{pkg-geometry,
    author = {Hideo Umeki},
    title = {The \texttt{geometry} package},
    year = {2008},
    month = dec,
    howpublished = {\url{https://ctan.org/pkg/geometry}}
}
